% This file was created with JabRef 2.7b.
% Encoding: UTF-8

@BOOK{Conti1993,
  title = {Calcolo. Teoria e applicazioni.},
  publisher = {McGraw-Hill},
  year = {1993},
  author = {Conti, Franco},
  isbn = {9788838606390}
}

@BOOK{Giusti2003,
  title = {Analisi Matematica 2 - Terza edizione interamente riveduta e ampliata},
  publisher = {Bollati Boringhieri},
  year = {2003},
  author = {Giusti, Enrico},
  series = {Programma di Matematica, Fisica, Elettronica},
  isbn = {9788833957067}
}

@BOOK{Greco2012,
  title = {Analisi Matematica Uno},
  publisher = {UniversityInTn},
  year = {2012},
  author = {Gabriele H. Greco},
  isbn = {978890764806}
}

